@book{fowler2017concepts,
author={Fowler, Samantha and Roush, Rebecca and Wise, James},
title={Concepts of Biology},
year={2017},
publisher={OpenStax / Rice University},
address={Houston, TX},
isbn={978-1-938168-11-6}}

@book{fried1999biology,
author={Fried, George H and Hademenos, George J},
title={Schaum's Outline of Theory and Problems of Biology},
year={1999},
edition={2nd},
publisher={McGraw Hill},
address={New York},
isbn={0-07-022405-6}}
