@misc{vitaradiation,
author={{Marvel Cinematic Universe Wiki}},
year={2021},
title={Vita Radiation},
howpublished={\url{htttps://marvelcinematicuniverse.fandom.com/wiki/Vita_Radiation}},
accessed={May 14, 2021}}

@article{lensherr1941enhancement,
author={Lensherr, Erik and Erskine, Abraham},
year={1941},
title={Enhancement of human performance via combined serum and high dose vitaray exposure treatment},
journal={Science},
volume={204},
pages={115--121}}

@article{luthor1952vitaray,
author={Luthor, Lex},
year={1952},
title={Super abilities are due to vitaray exposure, not solar red- or blue-shift},
journal={PNAS},
volume={111},
pages={1--21}}

@inproceedings{cobblepot1964riddle,
author={Cobblepot, Chester and Joker, Jack Napier},
year={1964},
title={Riddle me this: what are background vitaray levels in bedrock of {G}otham {C}ity?},
booktitle={3rd Annual Vitaray Industry Conference},
editor={B Wayne},
address={Gotham City}}

@article{kyle1975efficacy,
author={Kyle, Selena},
year={1975},
title={Efficacy of vitaray treatment of high rise syndrome in cats},
journal={Journal of the American Veterinary Medical Association},
volume={41},
pages={69--77}}

